<record><leader>00000cas a22000007a 4500</leader><controlfield tag="001">10033345</controlfield><controlfield tag="008">831019u1868uuuunyumr ne      0    0eng d</controlfield><datafield ind1=" " ind2=" " tag="010"><subfield code="a">sn 83031911 </subfield></datafield><datafield ind1=" " ind2=" " tag="040"><subfield code="a">NPU</subfield><subfield code="b">eng</subfield><subfield code="c">NPU</subfield><subfield code="d">NYS</subfield><subfield code="d">OCLCQ</subfield></datafield><datafield ind1=" " ind2=" " tag="042"><subfield code="a">msc</subfield></datafield><datafield ind1="0" ind2="0" tag="245"><subfield code="a">Syracuse real estate journal.</subfield></datafield><datafield ind1=" " ind2=" " tag="260"><subfield code="a">Syracuse, N.Y. :</subfield><subfield code="b">Nottingham &amp; Tucker</subfield></datafield><datafield ind1=" " ind2=" " tag="300"><subfield code="a">v. ;</subfield><subfield code="c">71 cm.</subfield></datafield><datafield ind1=" " ind2=" " tag="310"><subfield code="a">Monthly</subfield></datafield><datafield ind1=" " ind2=" " tag="588"><subfield code="a">Description based on: Vol. 1, no. 3 (Jan. 1869).</subfield></datafield><datafield ind1=" " ind2="4" tag="651"><subfield code="a">Syracuse (N.Y.)</subfield><subfield code="v">Newspapers.</subfield></datafield><datafield ind1=" " ind2=" " tag="752"><subfield code="a">United States</subfield><subfield code="b">New York</subfield><subfield code="c">Onondaga</subfield><subfield code="d">Syracuse.</subfield></datafield><datafield ind1="1" ind2=" " tag="029"><subfield code="a">AU@</subfield><subfield code="b">000020629880</subfield></datafield></record>